@article{cabello2013multiple,
  title={Multiple-source shortest paths in embedded graphs},
  author={Cabello, Sergio and Chambers, Erin W and Erickson, Jeff},
  journal={SIAM Journal on Computing},
  volume={42},
  number={4},
  pages={1542--1571},
  year={2013},
  publisher={SIAM}
}

@inproceedings{eisenstat2013linear,
  title={Linear-time algorithms for max flow and multiple-source shortest paths in unit-weight planar graphs},
  author={Eisenstat, David and Klein, Philip N},
  booktitle={Proceedings of the forty-fifth annual ACM symposium on Theory of computing},
  pages={735--744},
  year={2013},
  organization={ACM}
}

@inproceedings{klein2005multiple,
  title={Multiple-source shortest paths in planar graphs},
  author={Klein, Philip N},
  booktitle={SODA},
  volume={5},
  pages={146--155},
  year={2005}
}

@inproceedings{erickson2010maximum,
  title={Maximum flows and parametric shortest paths in planar graphs},
  author={Erickson, Jeff},
  booktitle={Proceedings of the twenty-first annual ACM-SIAM symposium on Discrete Algorithms},
  pages={794--804},
  year={2010},
  organization={Society for Industrial and Applied Mathematics}
}
